%% This BibTeX bibliography file was created using BibDesk.
%% http://bibdesk.sourceforge.net/


%% Created for kmacdonald at 2013-12-09 01:31:10 -0800 


%% Saved with string encoding Unicode (UTF-8) 



@article{tomasello1995two,
	Author = {Tomasello, Michael and Akhtar, Nameera},
	Date-Added = {2013-12-09 09:28:22 +0000},
	Date-Modified = {2013-12-09 09:28:22 +0000},
	Journal = {Cognitive Development},
	Number = {2},
	Pages = {201--224},
	Publisher = {Elsevier},
	Title = {Two-year-olds use pragmatic cues to differentiate reference to objects and actions},
	Volume = {10},
	Year = {1995}}

@article{floor2006can,
	Author = {Floor, Penelope and Akhtar, Nameera},
	Date-Added = {2013-12-09 09:28:11 +0000},
	Date-Modified = {2013-12-09 09:28:11 +0000},
	Journal = {Infancy},
	Number = {3},
	Pages = {327--339},
	Publisher = {Wiley Online Library},
	Title = {Can 18-Month-Old Infants Learn Words by Listening In on Conversations?},
	Volume = {9},
	Year = {2006}}

@article{tomasello2003understanding,
	Author = {Tomasello, Michael and Haberl, Katharina},
	Date-Added = {2013-12-09 09:28:01 +0000},
	Date-Modified = {2013-12-09 09:28:01 +0000},
	Journal = {Developmental psychology},
	Number = {5},
	Pages = {906},
	Publisher = {American Psychological Association},
	Title = {Understanding attention: 12-and 18-month-olds know what is new for other persons.},
	Volume = {39},
	Year = {2003}}

@article{diesendruck2004two,
	Author = {Diesendruck, Gil and Markson, Lori and Akhtar, Nameera and Reudor, Ayelet},
	Date-Added = {2013-12-09 09:27:33 +0000},
	Date-Modified = {2013-12-09 09:27:33 +0000},
	Journal = {Developmental Science},
	Number = {1},
	Pages = {33--41},
	Publisher = {Wiley Online Library},
	Title = {Two-year-olds' sensitivity to speakers' intent: an alternative account of Samuelson and Smith},
	Volume = {7},
	Year = {2004}}

@article{tomasello1996eighteen,
	Author = {Tomasello, Michael and Strosberg, Randi and Akhtar, Nameera},
	Date-Added = {2013-12-09 09:26:57 +0000},
	Date-Modified = {2013-12-09 09:26:57 +0000},
	Journal = {Journal of child language},
	Pages = {157--176},
	Publisher = {Cambridge Univ Press},
	Title = {Eighteen-month-old children learn words in non-ostensive contexts},
	Volume = {23},
	Year = {1996}}

@article{baldwin1991infants,
	Author = {Baldwin, Dare A},
	Date-Added = {2013-12-09 09:22:08 +0000},
	Date-Modified = {2013-12-09 09:22:08 +0000},
	Journal = {Child development},
	Number = {5},
	Pages = {874--890},
	Publisher = {Wiley Online Library},
	Title = {Infants' contribution to the achievement of joint reference},
	Volume = {62},
	Year = {1991}}

@book{bloom2002children,
	Author = {Bloom, Paul},
	Date-Added = {2013-12-09 09:07:05 +0000},
	Date-Modified = {2013-12-09 09:07:05 +0000},
	Publisher = {The MIT Press},
	Title = {How children learn the meaning of words},
	Year = {2002}}

@article{bloom1997intentionality,
	Author = {Bloom, Paul},
	Date-Added = {2013-12-09 09:01:59 +0000},
	Date-Modified = {2013-12-09 09:01:59 +0000},
	Journal = {Trends in cognitive sciences},
	Number = {1},
	Pages = {9--12},
	Publisher = {Elsevier},
	Title = {Intentionality and word learning},
	Volume = {1},
	Year = {1997}}

@article{bloom1998capacities,
	Author = {Bloom, Paul and Markson, Lori},
	Date-Added = {2013-12-09 09:01:47 +0000},
	Date-Modified = {2013-12-09 09:01:47 +0000},
	Journal = {Trends in Cognitive Sciences},
	Number = {2},
	Pages = {67--73},
	Publisher = {Elsevier},
	Title = {Capacities underlying word learning},
	Volume = {2},
	Year = {1998}}

@article{bloom2002mindreading,
	Author = {Bloom, Paul},
	Date-Added = {2013-12-09 09:01:38 +0000},
	Date-Modified = {2013-12-09 09:01:38 +0000},
	Journal = {Mind \&amp; Language},
	Number = {1-2},
	Pages = {37--54},
	Publisher = {Wiley Online Library},
	Title = {Mindreading, communication and the learning of names for things},
	Volume = {17},
	Year = {2002}}

@article{markson1997evidence,
	Author = {Markson, Lori and Bloom, Paul and others},
	Date-Added = {2013-12-09 09:01:21 +0000},
	Date-Modified = {2013-12-09 09:01:21 +0000},
	Journal = {Nature},
	Number = {6619},
	Pages = {813--815},
	Title = {Evidence against a dedicated system for word learning in children},
	Volume = {385},
	Year = {1997}}

@article{marchman2008speed,
	Author = {Marchman, Virginia A and Fernald, Anne},
	Date-Added = {2013-12-08 22:38:03 +0000},
	Date-Modified = {2013-12-08 22:38:03 +0000},
	Journal = {Developmental science},
	Number = {3},
	Pages = {F9--F16},
	Publisher = {Wiley Online Library},
	Title = {Speed of word recognition and vocabulary knowledge in infancy predict cognitive and language outcomes in later childhood},
	Volume = {11},
	Year = {2008}}

@article{frank2013social,
	Author = {Frank, Michael C and Tenenbaum, Joshua B and Fernald, Anne},
	Date-Added = {2013-12-08 05:46:43 +0000},
	Date-Modified = {2013-12-08 05:46:43 +0000},
	Journal = {Language Learning and Development},
	Number = {1},
	Pages = {1--24},
	Publisher = {Taylor \&amp; Francis},
	Title = {Social and discourse contributions to the determination of reference in cross-situational word learning},
	Volume = {9},
	Year = {2013}}

@article{kanwisher1997locus,
	Author = {Kanwisher, Nancy and Woods, Roger P and Iacoboni, Marco and Mazziotta, John C},
	Date-Added = {2013-12-07 23:17:27 +0000},
	Date-Modified = {2013-12-07 23:17:27 +0000},
	Journal = {Journal of Cognitive Neuroscience},
	Number = {1},
	Pages = {133--142},
	Publisher = {MIT Press},
	Title = {A locus in human extrastriate cortex for visual shape analysis},
	Volume = {9},
	Year = {1997}}

@article{snodgrass1980standardized,
	Author = {Snodgrass, Joan G and Vanderwart, Mary},
	Date-Added = {2013-12-07 23:15:23 +0000},
	Date-Modified = {2013-12-07 23:15:23 +0000},
	Journal = {Journal of experimental psychology: Human learning and memory},
	Number = {2},
	Pages = {174},
	Publisher = {American Psychological Association},
	Title = {A standardized set of 260 pictures: norms for name agreement, image agreement, familiarity, and visual complexity.},
	Volume = {6},
	Year = {1980}}

@inproceedings{johnson2012exploiting,
	Author = {Johnson, Mark and Demuth, Katherine and Frank, Michael},
	Booktitle = {Proceedings of the 50th Annual Meeting of the Association for Computational Linguistics: Long Papers-Volume 1},
	Date-Added = {2013-12-07 22:55:45 +0000},
	Date-Modified = {2013-12-07 22:55:45 +0000},
	Organization = {Association for Computational Linguistics},
	Pages = {883--891},
	Title = {Exploiting social information in grounded language learning via grammatical reductions},
	Year = {2012}}

@article{crump2013evaluating,
	Author = {Crump, Matthew JC and McDonnell, John V and Gureckis, Todd M},
	Date-Added = {2013-12-07 03:44:27 +0000},
	Date-Modified = {2013-12-07 03:44:27 +0000},
	Journal = {PloS one},
	Number = {3},
	Pages = {e57410},
	Publisher = {Public Library of Science},
	Title = {Evaluating Amazon's Mechanical Turk as a tool for experimental behavioral research},
	Volume = {8},
	Year = {2013}}

@article{vouloumanos2008fine,
	Author = {Vouloumanos, Athena},
	Date-Added = {2013-12-07 03:19:39 +0000},
	Date-Modified = {2013-12-07 03:19:39 +0000},
	Journal = {Cognition},
	Number = {2},
	Pages = {729--742},
	Publisher = {Elsevier},
	Title = {Fine-grained sensitivity to statistical information in adult word learning},
	Volume = {107},
	Year = {2008}}

@article{trueswell2013propose,
	Author = {Trueswell, John C and Medina, Tamara Nicol and Hafri, Alon and Gleitman, Lila R},
	Date-Added = {2013-12-07 03:06:42 +0000},
	Date-Modified = {2013-12-07 03:06:42 +0000},
	Journal = {Cognitive psychology},
	Number = {1},
	Pages = {126--156},
	Publisher = {Elsevier},
	Title = {Propose but verify: Fast mapping meets cross-situational word learning},
	Volume = {66},
	Year = {2013}}

@article{yu2007unified,
	Author = {Yu, Chen and Ballard, Dana H},
	Date-Added = {2013-12-07 03:06:04 +0000},
	Date-Modified = {2013-12-07 03:06:04 +0000},
	Journal = {Neurocomputing},
	Number = {13},
	Pages = {2149--2165},
	Publisher = {Elsevier},
	Title = {A unified model of early word learning: Integrating statistical and social cues},
	Volume = {70},
	Year = {2007}}

@article{yu2012modeling,
	Author = {Yu, Chen and Smith, Linda B},
	Date-Added = {2013-12-07 03:05:50 +0000},
	Date-Modified = {2013-12-07 03:05:50 +0000},
	Journal = {Psychological review},
	Number = {1},
	Pages = {21},
	Publisher = {American Psychological Association},
	Title = {Modeling cross-situational word--referent learning: Prior questions.},
	Volume = {119},
	Year = {2012}}

@article{medina2011words,
	Author = {Medina, Tamara Nicol and Snedeker, Jesse and Trueswell, John C and Gleitman, Lila R},
	Date-Added = {2013-12-07 03:01:20 +0000},
	Date-Modified = {2013-12-07 03:01:20 +0000},
	Journal = {Proceedings of the National Academy of Sciences},
	Number = {22},
	Pages = {9014--9019},
	Publisher = {National Acad Sciences},
	Title = {How words can and cannot be learned by observation},
	Volume = {108},
	Year = {2011}}

@article{sabbagh2005understanding,
	Author = {Sabbagh, Mark A and Baldwin, Dare},
	Date-Added = {2013-12-07 00:03:29 +0000},
	Date-Modified = {2013-12-07 00:03:29 +0000},
	Journal = {Joint attention: Communication and other minds: Issues in philosophy and psychology},
	Pages = {165--184},
	Title = {Understanding the role of communicative intentions in word learning},
	Year = {2005}}

@article{akhtar1996role,
	Author = {Akhtar, Nameera and Carpenter, Malinda and Tomasello, Michael},
	Date-Added = {2013-12-07 00:02:57 +0000},
	Date-Modified = {2013-12-07 00:02:57 +0000},
	Journal = {Child Development},
	Number = {2},
	Pages = {635--645},
	Publisher = {Wiley Online Library},
	Title = {The role of discourse novelty in early word learning},
	Volume = {67},
	Year = {1996}}

@article{baldwin1993infants,
	Author = {Baldwin, Dare A},
	Date-Added = {2013-12-07 00:02:31 +0000},
	Date-Modified = {2013-12-07 00:02:31 +0000},
	Journal = {Journal of child language},
	Number = {02},
	Pages = {395--418},
	Publisher = {Cambridge Univ Press},
	Title = {Infants' ability to consult the speaker for clues to word reference},
	Volume = {20},
	Year = {1993}}

@article{hollich2000breaking,
	Author = {Hollich, George J and Hirsh-Pasek, Kathy and Golinkoff, Roberta Michnick and Brand, Rebecca J and Brown, Ellie and Chung, He Len and Hennon, Elizabeth and Rocroi, Camille and Bloom, Lois},
	Date-Added = {2013-12-06 19:00:49 +0000},
	Date-Modified = {2013-12-06 19:00:49 +0000},
	Journal = {Monographs of the society for research in child development},
	Pages = {i--135},
	Publisher = {JSTOR},
	Title = {Breaking the language barrier: An emergentist coalition model for the origins of word learning},
	Year = {2000}}

@book{tomasello2009constructing,
	Author = {Tomasello, Michael and Tomasello, Michael},
	Date-Added = {2013-12-06 19:00:03 +0000},
	Date-Modified = {2013-12-06 19:00:03 +0000},
	Publisher = {Harvard University Press},
	Title = {Constructing a language: A usage-based theory of language acquisition},
	Year = {2009}}

@article{brooks2008infant,
	Author = {Brooks, Rechele and Meltzoff, Andrew N},
	Date-Added = {2013-12-06 09:16:37 +0000},
	Date-Modified = {2013-12-06 09:16:37 +0000},
	Journal = {Journal of Child Language},
	Number = {01},
	Pages = {207--220},
	Publisher = {Cambridge Univ Press},
	Title = {Infant gaze following and pointing predict accelerated vocabulary growth through two years of age: A longitudinal, growth curve modeling study},
	Volume = {35},
	Year = {2008}}

@article{behne2005one,
	Author = {Behne, Tanya and Carpenter, Malinda and Tomasello, Michael},
	Date-Added = {2013-12-02 12:54:25 +0000},
	Date-Modified = {2013-12-02 12:54:25 +0000},
	Journal = {Developmental science},
	Number = {6},
	Pages = {492--499},
	Publisher = {Wiley Online Library},
	Title = {One-year-olds comprehend the communicative intentions behind gestures in a hiding game},
	Volume = {8},
	Year = {2005}}

@article{dominey2004indeterminacy,
	Author = {Dominey, Peter F and Dodane, Christelle},
	Date-Added = {2013-12-02 12:54:11 +0000},
	Date-Modified = {2013-12-02 12:54:11 +0000},
	Journal = {Journal of Neurolinguistics},
	Number = {2},
	Pages = {121--145},
	Publisher = {Elsevier},
	Title = {Indeterminacy in language acquisition: the role of child directed speech and joint attention},
	Volume = {17},
	Year = {2004}}

@article{carpenter1998fourteen,
	Author = {Carpenter, Malinda and Akhtar, Nameera and Tomasello, Michael},
	Date-Added = {2013-12-02 12:52:36 +0000},
	Date-Modified = {2013-12-02 12:52:36 +0000},
	Journal = {Infant Behavior and Development},
	Number = {2},
	Pages = {315--330},
	Publisher = {Elsevier},
	Title = {Fourteen-through 18-month-old infants differentially imitate intentional and accidental actions},
	Volume = {21},
	Year = {1998}}

@article{charman2003joint,
	Author = {Charman, Tony},
	Date-Added = {2013-12-02 12:52:08 +0000},
	Date-Modified = {2013-12-02 12:52:08 +0000},
	Journal = {Philosophical Transactions of the Royal Society of London. Series B: Biological Sciences},
	Number = {1430},
	Pages = {315--324},
	Publisher = {The Royal Society},
	Title = {Why is joint attention a pivotal skill in autism?},
	Volume = {358},
	Year = {2003}}

@article{tomasello2007shared,
	Author = {Tomasello, Michael and Carpenter, Malinda},
	Date-Added = {2013-12-02 12:51:13 +0000},
	Date-Modified = {2013-12-02 12:51:13 +0000},
	Journal = {Developmental science},
	Number = {1},
	Pages = {121--125},
	Publisher = {Wiley Online Library},
	Title = {Shared intentionality},
	Volume = {10},
	Year = {2007}}

@article{morales2000responding,
	Author = {Morales, Michael and Mundy, Peter and Delgado, Christine EF and Yale, Marygrace and Messinger, Daniel and Neal, Rebecca and Schwartz, Heidi K},
	Date-Added = {2013-12-02 12:50:28 +0000},
	Date-Modified = {2013-12-02 12:50:28 +0000},
	Journal = {Journal of Applied Developmental Psychology},
	Number = {3},
	Pages = {283--298},
	Publisher = {Elsevier},
	Title = {Responding to joint attention across the 6-through 24-month age period and early language acquisition},
	Volume = {21},
	Year = {2000}}

@book{tomasello2008origins,
	Author = {Tomasello, Michael},
	Date-Added = {2013-12-02 12:50:14 +0000},
	Date-Modified = {2013-12-02 12:50:14 +0000},
	Publisher = {MIT press Cambridge},
	Title = {Origins of human communication},
	Year = {2008}}

@article{barton1991joint,
	Author = {Barton, Michelle E and Tomasello, Michael},
	Date-Added = {2013-12-02 12:50:01 +0000},
	Date-Modified = {2013-12-02 12:50:01 +0000},
	Journal = {Child Development},
	Number = {3},
	Pages = {517--529},
	Publisher = {Wiley Online Library},
	Title = {Joint attention and conversation in mother-infant-sibling triads},
	Volume = {62},
	Year = {1991}}

@article{carpenter1995joint,
	Author = {Carpenter, Malinda and Tomasello, Michael},
	Date-Added = {2013-12-02 12:49:20 +0000},
	Date-Modified = {2013-12-02 12:49:20 +0000},
	Journal = {Social Development},
	Number = {3},
	Pages = {217--237},
	Publisher = {Wiley Online Library},
	Title = {Joint Attention and Imitative Learning in Children, Chimpanzees, and Enculturated Chimpanzees*},
	Volume = {4},
	Year = {1995}}

@article{mundy1998individual,
	Author = {Mundy, Peter and Gomes, Antoinette},
	Date-Added = {2013-12-02 12:48:54 +0000},
	Date-Modified = {2013-12-02 12:48:54 +0000},
	Journal = {Infant behavior and development},
	Number = {3},
	Pages = {469--482},
	Publisher = {Elsevier},
	Title = {Individual differences in joint attention skill development in the second year},
	Volume = {21},
	Year = {1998}}

@article{tomasello1983joint,
	Author = {Tomasello, Michael and Todd, Jody},
	Date-Added = {2013-12-02 12:48:30 +0000},
	Date-Modified = {2013-12-02 12:48:30 +0000},
	Journal = {First language},
	Number = {12},
	Pages = {197--211},
	Publisher = {Sage Publications},
	Title = {Joint attention and lexical acquisition style},
	Volume = {4},
	Year = {1983}}

@article{tomasello1986joint,
	Author = {Tomasello, Michael and Farrar, Michael Jeffrey},
	Date-Added = {2013-12-02 12:48:20 +0000},
	Date-Modified = {2013-12-02 12:48:20 +0000},
	Journal = {Child development},
	Pages = {1454--1463},
	Publisher = {JSTOR},
	Title = {Joint attention and early language},
	Year = {1986}}

@inproceedings{yurovsky2010active,
	Author = {Yurovsky, Daniel and Fricker, Damian and Yu, Chen and Smith, Linda B},
	Booktitle = {Proceedings of the 32nd Annual Conference of the Cognitive Science Society. Austin, TX: Cognitive Science Society},
	Date-Added = {2013-12-02 12:44:37 +0000},
	Date-Modified = {2013-12-02 12:44:37 +0000},
	Pages = {2609--2614},
	Title = {The active role of partial knowledge in cross-situational word learning},
	Year = {2010}}

@inproceedings{yurovsky2008mutual,
	Author = {Yurovsky, Daniel and Yu, Chen},
	Booktitle = {Proceedings of the 30th annual conference of the Cognitive Science Society},
	Date-Added = {2013-12-02 12:44:24 +0000},
	Date-Modified = {2013-12-02 12:44:24 +0000},
	Organization = {Citeseer},
	Pages = {715--720},
	Title = {Mutual exclusivity in crosssituational statistical learning},
	Year = {2008}}

@article{blythe2010learning,
	Author = {Blythe, Richard A and Smith, Kenny and Smith, Andrew DM},
	Date-Added = {2013-12-02 12:42:38 +0000},
	Date-Modified = {2013-12-02 12:42:38 +0000},
	Journal = {Cognitive Science},
	Number = {4},
	Pages = {620--642},
	Publisher = {Wiley Online Library},
	Title = {Learning Times for Large Lexicons Through Cross-Situational Learning},
	Volume = {34},
	Year = {2010}}

@article{frank2009using,
	Author = {Frank, Michael C and Goodman, Noah D and Tenenbaum, Joshua B},
	Date-Added = {2013-12-02 12:42:28 +0000},
	Date-Modified = {2013-12-02 12:42:28 +0000},
	Journal = {Psychological Science},
	Number = {5},
	Pages = {578--585},
	Publisher = {SAGE Publications},
	Title = {Using speakers' referential intentions to model early cross-situational word learning},
	Volume = {20},
	Year = {2009}}

@article{smith2011cross,
	Author = {Smith, Kenny and Smith, Andrew DM and Blythe, Richard A},
	Date-Added = {2013-12-02 12:42:19 +0000},
	Date-Modified = {2013-12-02 12:42:19 +0000},
	Journal = {Cognitive Science},
	Number = {3},
	Pages = {480--498},
	Publisher = {Wiley Online Library},
	Title = {Cross-Situational Learning: An Experimental Study of Word-Learning Mechanisms},
	Volume = {35},
	Year = {2011}}

@incollection{smith2006cross,
	Author = {Smith, Kenny and Smith, Andrew DM and Blythe, Richard A and Vogt, Paul},
	Booktitle = {Symbol grounding and beyond},
	Date-Added = {2013-12-02 12:42:09 +0000},
	Date-Modified = {2013-12-02 12:42:09 +0000},
	Pages = {31--44},
	Publisher = {Springer},
	Title = {Cross-situational learning: a mathematical approach},
	Year = {2006}}

@article{smith2008infants,
	Author = {Smith, Linda and Yu, Chen},
	Date-Added = {2013-12-02 12:41:51 +0000},
	Date-Modified = {2013-12-02 12:41:51 +0000},
	Journal = {Cognition},
	Number = {3},
	Pages = {1558--1568},
	Publisher = {Elsevier},
	Title = {Infants rapidly learn word-referent mappings via cross-situational statistics},
	Volume = {106},
	Year = {2008}}

@article{yu2007rapid,
	Author = {Yu, Chen and Smith, Linda B},
	Date-Added = {2013-12-02 12:41:40 +0000},
	Date-Modified = {2013-12-02 12:41:40 +0000},
	Journal = {Psychological Science},
	Number = {5},
	Pages = {414--420},
	Publisher = {SAGE Publications},
	Title = {Rapid word learning under uncertainty via cross-situational statistics},
	Volume = {18},
	Year = {2007}}

@article{samuelson1998memory,
	Author = {Samuelson, Larissa K and Smith, Linda B},
	Date-Added = {2013-12-02 12:40:48 +0000},
	Date-Modified = {2013-12-02 12:40:48 +0000},
	Journal = {Child Development},
	Number = {1},
	Pages = {94--104},
	Publisher = {Wiley Online Library},
	Title = {Memory and attention make smart word learning: An alternative account of Akhtar, Carpenter, and Tomasello},
	Volume = {69},
	Year = {1998}}

@article{tomasello1992joint,
	Author = {Tomasello, Michael and Kruger, Ann Cale and others},
	Date-Added = {2013-12-02 12:40:17 +0000},
	Date-Modified = {2013-12-02 12:40:17 +0000},
	Journal = {Journal of Child Language},
	Number = {2},
	Pages = {311--333},
	Publisher = {Cambridge Univ Press},
	Title = {Joint attention on actions: Acquiring verbs in ostensive and non-ostensive contexts},
	Volume = {19},
	Year = {1992}}

@article{akhtar2007joint,
	Author = {Akhtar, Nameera and Gernsbacher, Morton Ann},
	Date-Added = {2013-12-02 12:39:57 +0000},
	Date-Modified = {2013-12-02 12:39:57 +0000},
	Journal = {Language and Linguistics Compass},
	Number = {3},
	Pages = {195--207},
	Publisher = {Wiley Online Library},
	Title = {Joint attention and vocabulary development: a critical look},
	Volume = {1},
	Year = {2007}}

@article{baron1997children,
	Author = {Baron-Cohen, Simon and Baldwin, Dare A and Crowson, Mary},
	Date-Added = {2013-12-02 12:38:53 +0000},
	Date-Modified = {2013-12-02 12:38:53 +0000},
	Journal = {Child development},
	Number = {1},
	Pages = {48--57},
	Publisher = {Wiley Online Library},
	Title = {Do children with autism use the speaker's direction of gaze strategy to crack the code of language?},
	Volume = {68},
	Year = {1997}}

@article{baldwin1995understanding,
	Author = {Baldwin, Dare A},
	Date-Added = {2013-12-02 12:38:18 +0000},
	Date-Modified = {2013-12-02 12:38:18 +0000},
	Publisher = {Lawrence Erlbaum Associates, Inc},
	Title = {Understanding the link between joint attention and language.},
	Year = {1995}}
